@article{cave1999visuospatial,
  title={Visuospatial attention: Beyond a spotlight model},
  author={Cave, Kyle R and Bichot, Narcisse P},
  journal={Psychonomic bulletin \& review},
  volume={6},
  number={2},
  pages={204--223},
  year={1999},
  publisher={Springer}
}